@book{elon,
  title     = {Curso de Análise - Volume 1},
  publisher = {Instituto de Matemática Pura e Aplicada},
  year      = {1976},
  author    = {Elon Lages Lima},
  series    = {Projeto Euclides},
  address   = {Rio de Janeiro},
  edition   = {4},
}

@misc{brasil,
  author    = {Brasil},
  title     = {Base Nacional Comum Curricular (BNCC). Educação é a Base},
  year      = {2018},
  publisher = {MEC/CONSED/UNDIME},
  url       = {http://download.basenacionalcomum.mec.gov.br/},
}

@book{cordeiro,
  title     = {Manual de Redação Matemática},
  publisher = {SBM},
  year      = {2018},
  author    = {Daniel Cordeiro de Morais Filho},
  series    = {Coleção do Professor de Matemática},
  address   = {Rio de Janeiro},
  edition   = {2},
}
